
@ARTICLE{Amorin2010,
   author = {{Amor{\'{\i}}n}, R.~O. and {P{\'e}rez-Montero}, E. and {V{\'{\i}}lchez}, J.~M.
	},
    title = "{On the Oxygen and Nitrogen Chemical Abundances and the Evolution of the ''Green Pea'' Galaxies}",
  journal = {\apjl},
archivePrefix = "arXiv",
   eprint = {1004.4910},
 keywords = {galaxies: abundances, galaxies: dwarf, galaxies: evolution, galaxies: starburst},
     year = 2010,
    month = jun,
   volume = 715,
    pages = {L128-L132},
      doi = {10.1088/2041-8205/715/2/L128},
   adsurl = {http://adsabs.harvard.edu/abs/2010ApJ...715L.128A},
  adsnote = {Provided by the SAO/NASA Astrophysics Data System}
}

@INBOOK{Amorin2012,
   author = {{Amor{\'{\i}}n}, R.~O. and {V{\'{\i}}lchez}, J.~M. and {P{\'e}rez-Montero}, E.
	},
    title = "{Unveiling the Nature of the ''Green Pea'' Galaxies}",
 keywords = {Physics},
booktitle = {Dwarf Galaxies: Keys to Galaxy Formation and Evolution},
     year = 2012,
   editor = {{Papaderos}, P. and {Recchi}, S. and {Hensler}, G.},
    pages = {243},
      doi = {10.1007/978-3-642-22018-0_28},
   adsurl = {http://adsabs.harvard.edu/abs/2012dgkg.book..243A},
  adsnote = {Provided by the SAO/NASA Astrophysics Data System}
}

@ARTICLE{Atek2008,
   author = {{Atek}, H. and {Kunth}, D. and {Hayes}, M. and {{\"O}stlin}, G. and 
	{Mas-Hesse}, J.~M.},
    title = "{On the detectability of Ly{$\alpha$} emission in star forming galaxies. The role of dust}",
  journal = {\aap},
archivePrefix = "arXiv",
   eprint = {0805.3501},
 keywords = {galaxies: starburst, galaxies: ISM, ultraviolet: galaxies, ISM: dust, extinction, galaxies: general},
     year = 2008,
    month = sep,
   volume = 488,
    pages = {491-509},
      doi = {10.1051/0004-6361:200809527},
   adsurl = {http://adsabs.harvard.edu/abs/2008A%26A...488..491A},
  adsnote = {Provided by the SAO/NASA Astrophysics Data System}
}


@ARTICLE{Atek2009,
   author = {{Atek}, H. and {Kunth}, D. and {Schaerer}, D. and {Hayes}, M. and 
	{Deharveng}, J.~M. and {{\"O}stlin}, G. and {Mas-Hesse}, J.~M.
	},
    title = "{Empirical estimate of Ly{$\alpha$} escape fraction in a statistical sample of Ly{$\alpha$} emitters}",
  journal = {\aap},
archivePrefix = "arXiv",
   eprint = {0906.5349},
 primaryClass = "astro-ph.CO",
 keywords = {galaxies: starburst, galaxies: ISM, ultraviolet: galaxies, ISM: dust, extinction},
     year = 2009,
    month = nov,
   volume = 506,
    pages = {L1-L4},
      doi = {10.1051/0004-6361/200912787},
   adsurl = {http://adsabs.harvard.edu/abs/2009A%26A...506L...1A},
  adsnote = {Provided by the SAO/NASA Astrophysics Data System}
}

@ARTICLE{Atek2015,
   author = {{Atek}, H. and {Richard}, J. and {Kneib}, J.-P. and {Jauzac}, M. and 
	{Schaerer}, D. and {Clement}, B. and {Limousin}, M. and {Jullo}, E. and 
	{Natarajan}, P. and {Egami}, E. and {Ebeling}, H.},
    title = "{New Constraints on the Faint End of the UV Luminosity Function at z \~{} 7-8 Using the Gravitational Lensing of the Hubble Frontier Fields Cluster A2744}",
  journal = {\apj},
archivePrefix = "arXiv",
   eprint = {1409.0512},
 keywords = {galaxies: evolution, galaxies: high-redshift, galaxies: luminosity function, mass function, gravitational lensing: strong},
     year = 2015,
    month = feb,
   volume = 800,
      eid = {18},
    pages = {18},
      doi = {10.1088/0004-637X/800/1/18},
   adsurl = {http://adsabs.harvard.edu/abs/2015ApJ...800...18A},
  adsnote = {Provided by the SAO/NASA Astrophysics Data System}
}


@ARTICLE{Bergvall1985,
   author = {{Bergvall}, N.},
    title = "{Star formation and chemical abundances in the blue compact galaxy ESO 338 - IG04}",
  journal = {\aap},
 keywords = {Abundance, Chemical Composition, Compact Galaxies, Density Distribution, Galactic Evolution, Star Formation, Ubv Spectra, Astronomical Models, Astronomical Spectroscopy, Galactic Structure, H Alpha Line, Helium, Hot Stars, Stellar Color, Stellar Luminosity},
     year = 1985,
    month = may,
   volume = 146,
    pages = {269-281},
   adsurl = {http://adsabs.harvard.edu/abs/1985A%26A...146..269B},
  adsnote = {Provided by the SAO/NASA Astrophysics Data System}
}



@ARTICLE{Bergvall2000,
   author = {{Bergvall}, N. and {Masegosa}, J. and {{\"O}stlin}, G. and {Cernicharo}, J.
	},
    title = "{LWS spectroscopy of the luminous blue compact galaxy Haro 11}",
  journal = {\aap},
   eprint = {astro-ph/0005178},
 keywords = {GALAXIES: COMPACT, GALAXIES: EVOLUTION, GALAXIES: INDIVIDUAL: ESO 350-IG38, GALAXIES: INDIVIDUAL: HARO 11, GALAXIES: STARBURST, INFRARED: GALAXIES},
     year = 2000,
    month = jul,
   volume = 359,
    pages = {41-50},
   adsurl = {http://adsabs.harvard.edu/abs/2000A%26A...359...41B},
  adsnote = {Provided by the SAO/NASA Astrophysics Data System}
}

@ARTICLE{Bergvall2006,
   author = {{Bergvall}, N. and {Zackrisson}, E. and {Andersson}, B.-G. and 
	{Arnberg}, D. and {Masegosa}, J. and {{\"O}stlin}, G.},
    title = "{First detection of Lyman continuum escape from a local starburst galaxy. I. Observations of the luminous blue compact galaxy Haro 11 with the Far Ultraviolet Spectroscopic Explorer (FUSE)}",
  journal = {\aap},
     year = 2006,
    month = mar,
   volume = 448,
    pages = {513-524},
      doi = {10.1051/0004-6361:20053788},
   adsurl = {http://adsabs.harvard.edu/abs/2006A%26A...448..513B},
  adsnote = {Provided by the SAO/NASA Astrophysics Data System}
}

@ARTICLE{Borthakur2014,
   author = {{Borthakur}, S. and {Heckman}, T.~M. and {Leitherer}, C. and 
	{Overzier}, R.~A.},
    title = "{A local clue to the reionization of the universe}",
  journal = {Science},
archivePrefix = "arXiv",
   eprint = {1410.3511},
     year = 2014,
    month = oct,
   volume = 346,
    pages = {216-219},
      doi = {10.1126/science.1254214},
   adsurl = {http://adsabs.harvard.edu/abs/2014Sci...346..216B},
  adsnote = {Provided by the SAO/NASA Astrophysics Data System}
}


@ARTICLE{Calzetti1992,
   author = {{Calzetti}, D. and {Kinney}, A.~L.},
    title = "{Lyman-alpha emission in star-forming galaxies - Low-redshift counterparts of primeval galaxies?}",
  journal = {\apjl},
 keywords = {Lyman Alpha Radiation, Markarian Galaxies, Red Shift, Starburst Galaxies, Emission Spectra, Interstellar Extinction, Magellanic Clouds, Metallicity, Visible Spectrum},
     year = 1992,
    month = nov,
   volume = 399,
    pages = {L39-L42},
      doi = {10.1086/186601},
   adsurl = {http://adsabs.harvard.edu/abs/1992ApJ...399L..39C},
  adsnote = {Provided by the SAO/NASA Astrophysics Data System}
}


@ARTICLE{Capak2015,
   author = {{Capak}, P.~L. and {Carilli}, C. and {Jones}, G. and {Casey}, C.~M. and 
	{Riechers}, D. and {Sheth}, K. and {Carollo}, C.~M. and {Ilbert}, O. and 
	{Karim}, A. and {Lefevre}, O. and {Lilly}, S. and {Scoville}, N. and 
	{Smolcic}, V. and {Yan}, L.},
    title = "{Galaxies at redshifts 5 to 6 with systematically low dust content and high [C II] emission}",
  journal = {\nat},
archivePrefix = "arXiv",
   eprint = {1503.07596},
     year = 2015,
    month = jun,
   volume = 522,
    pages = {455-458},
      doi = {10.1038/nature14500},
   adsurl = {http://adsabs.harvard.edu/abs/2015Natur.522..455C},
  adsnote = {Provided by the SAO/NASA Astrophysics Data System}
}

@ARTICLE{Cardamone2009,
   author = {{Cardamone}, C. and {Schawinski}, K. and {Sarzi}, M. and {Bamford}, S.~P. and 
	{Bennert}, N. and {Urry}, C.~M. and {Lintott}, C. and {Keel}, W.~C. and 
	{Parejko}, J. and {Nichol}, R.~C. and {Thomas}, D. and {Andreescu}, D. and 
	{Murray}, P. and {Raddick}, M.~J. and {Slosar}, A. and {Szalay}, A. and 
	{Vandenberg}, J.},
    title = "{Galaxy Zoo Green Peas: discovery of a class of compact extremely star-forming galaxies}",
  journal = {\mnras},
archivePrefix = "arXiv",
   eprint = {0907.4155},
 keywords = {galaxies: dwarf , galaxies: evolution , galaxies: formation , galaxies: high-redshift , galaxies: Seyfert , galaxies: starburst},
     year = 2009,
    month = nov,
   volume = 399,
    pages = {1191-1205},
      doi = {10.1111/j.1365-2966.2009.15383.x},
   adsurl = {http://adsabs.harvard.edu/abs/2009MNRAS.399.1191C},
  adsnote = {Provided by the SAO/NASA Astrophysics Data System}
}


@ARTICLE{CharlotFall1993,
   author = {{Charlot}, S. and {Fall}, S.~M.},
    title = "{Lyman-Alpha Emission from Galaxies}",
  journal = {\apj},
 keywords = {GALAXIES: ACTIVE, GALAXIES: EVOLUTION, GALAXIES: ISM, GALAXIES: STELLAR CONTENT, ULTRAVIOLET: GALAXIES},
     year = 1993,
    month = oct,
   volume = 415,
    pages = {580},
      doi = {10.1086/173187},
   adsurl = {http://adsabs.harvard.edu/abs/1993ApJ...415..580C},
  adsnote = {Provided by the SAO/NASA Astrophysics Data System}
}


@Manual{CosHandbook,
  author       = {Holland, S. T. and others },
  title        = {Cosmic Origins Spectrograph Instrument Handbook},
  organization = {Baltimore: STScI},
  year         = 2014,
  edition:     = {6.0},
}

@TECHREPORT{CosImaging,
   author = {{Goudfrooij}, P. and {Burgh}, E. and {Aloisi}, A. and {Hartig}, G. and 
	{Penton}, S.},
    title = "{SMOV: COS NUV Imaging Performance}",
 keywords = {Hubble Space Telescope, HST, Space Telescope Science Institute, COS, Cosmic Origins Spectrograph},
booktitle = {Instrument Science Report COS 2010-10(v1), 17 pages},
     year = 2010,
    month = mar,
    pages = {10},
   adsurl = {http://adsabs.harvard.edu/abs/2010cos..rept...10G},
  adsnote = {Provided by the SAO/NASA Astrophysics Data System}
}



@ARTICLE{Cowie1998,
   author = {{Cowie}, L.~L. and {Hu}, E.~M.},
    title = "{High-z Lyalpha Emitters. I. A Blank-Field Search for Objects near Redshift Z = 3.4 in and around the Hubble Deep Field and the Hawaii Deep Field SSA 22}",
  journal = {\aj},
   eprint = {astro-ph/9801003},
 keywords = {COSMOLOGY: OBSERVATIONS, EARLY UNIVERSE, GALAXIES: EVOLUTION, GALAXIES: FORMATION},
     year = 1998,
    month = apr,
   volume = 115,
    pages = {1319-1328},
      doi = {10.1086/300309},
   adsurl = {http://adsabs.harvard.edu/abs/1998AJ....115.1319C},
  adsnote = {Provided by the SAO/NASA Astrophysics Data System}
}


@ARTICLE{Hu1998,
   author = {{Hu}, E.~M. and {Cowie}, L.~L. and {McMahon}, R.~G.},
    title = "{The Density of Ly{$\alpha$} Emitters at Very High Redshift}",
  journal = {\apjl},
   eprint = {astro-ph/9803011},
 keywords = {COSMOLOGY: OBSERVATIONS, COSMOLOGY: EARLY UNIVERSE, GALAXIES: EVOLUTION, GALAXIES: FORMATION, Cosmology: Observations, Cosmology: Early Universe, Galaxies: Evolution, Galaxies: Formation},
     year = 1998,
    month = aug,
   volume = 502,
    pages = {L99-L103},
      doi = {10.1086/311506},
   adsurl = {http://adsabs.harvard.edu/abs/1998ApJ...502L..99H},
  adsnote = {Provided by the SAO/NASA Astrophysics Data System}
}


@ARTICLE{DijkstraRev,
   author = {{Dijkstra}, M.},
    title = "{Ly{$\alpha$} Emitting Galaxies as a Probe of Reionisation}",
  journal = {\pasa},
archivePrefix = "arXiv",
   eprint = {1406.7292},
 keywords = {cosmology: dark ages, reionisation, first stars, galaxies: intergalactic medium, high redshift, radiative transfer, scattering, ultraviolet: galaxies},
     year = 2014,
    month = oct,
   volume = 31,
      eid = {e040},
    pages = {40},
      doi = {10.1017/pasa.2014.33},
   adsurl = {http://adsabs.harvard.edu/abs/2014PASA...31...40D},
  adsnote = {Provided by the SAO/NASA Astrophysics Data System}
}

@ARTICLE{Dijkstra2006,
   author = {{Dijkstra}, M. and {Haiman}, Z. and {Spaans}, M.},
    title = "{Ly{$\alpha$} Radiation from Collapsing Protogalaxies. I. Characteristics of the Emergent Spectrum}",
  journal = {\apj},
   eprint = {astro-ph/0510407},
 keywords = {Cosmology: Theory, Galaxies: Formation, Galaxies: Halos, Galaxies: Intergalactic Medium, Galaxies: Quasars: General, Radiative Transfer},
     year = 2006,
    month = sep,
   volume = 649,
    pages = {14-36},
      doi = {10.1086/506243},
   adsurl = {http://adsabs.harvard.edu/abs/2006ApJ...649...14D},
  adsnote = {Provided by the SAO/NASA Astrophysics Data System}
}


@ARTICLE{Dijkstra2007,
   author = {{Dijkstra}, M. and {Wyithe}, J.~S.~B. and {Haiman}, Z.},
    title = "{Luminosity functions of Ly{$\alpha$} emitting galaxies and cosmic reionization of hydrogen}",
  journal = {\mnras},
   eprint = {astro-ph/0611195},
 keywords = {galaxies: high-redshift, galaxies: statistics, cosmology: theory},
     year = 2007,
    month = jul,
   volume = 379,
    pages = {253-259},
      doi = {10.1111/j.1365-2966.2007.11936.x},
   adsurl = {http://adsabs.harvard.edu/abs/2007MNRAS.379..253D},
  adsnote = {Provided by the SAO/NASA Astrophysics Data System}
}

@ARTICLE{Duval2014,
   author = {{Duval}, F. and {Schaerer}, D. and {{\"O}stlin}, G. and {Laursen}, P.},
    title = "{Lyman {$\alpha$} line and continuum radiative transfer in a clumpy interstellar medium}",
  journal = {\aap},
archivePrefix = "arXiv",
   eprint = {1302.7042},
 primaryClass = "astro-ph.GA",
 keywords = {galaxies: starburst, galaxies: ISM, galaxies: high-redshift, ultraviolet: galaxies, radiative transfer, line: profiles},
     year = 2014,
    month = feb,
   volume = 562,
      eid = {A52},
    pages = {A52},
      doi = {10.1051/0004-6361/201220455},
   adsurl = {http://adsabs.harvard.edu/abs/2014A\%26A...562A..52D},
  adsnote = {Provided by the SAO/NASA Astrophysics Data System}
}


@ARTICLE{Erb2006,
   author = {{Erb}, D.~K. and {Shapley}, A.~E. and {Pettini}, M. and {Steidel}, C.~C. and 
	{Reddy}, N.~A. and {Adelberger}, K.~L.},
    title = "{The Mass-Metallicity Relation at z{\gt}\~{}2}",
  journal = {\apj},
   eprint = {astro-ph/0602473},
 keywords = {Galaxies: Abundances, Galaxies: Evolution, Galaxies: High-Redshift},
     year = 2006,
    month = jun,
   volume = 644,
    pages = {813-828},
      doi = {10.1086/503623},
   adsurl = {http://adsabs.harvard.edu/abs/2006ApJ...644..813E},
  adsnote = {Provided by the SAO/NASA Astrophysics Data System}
}


@ARTICLE{Erb2010,
   author = {{Erb}, D.~K. and {Pettini}, M. and {Shapley}, A.~E. and {Steidel}, C.~C. and 
	{Law}, D.~R. and {Reddy}, N.~A.},
    title = "{Physical Conditions in a Young, Unreddened, Low-metallicity Galaxy at High Redshift}",
  journal = {\apj},
archivePrefix = "arXiv",
   eprint = {1006.5456},
 primaryClass = "astro-ph.CO",
 keywords = {galaxies: abundances, galaxies: evolution, galaxies: high-redshift},
     year = 2010,
    month = aug,
   volume = 719,
    pages = {1168-1190},
      doi = {10.1088/0004-637X/719/2/1168},
   adsurl = {http://adsabs.harvard.edu/abs/2010ApJ...719.1168E},
  adsnote = {Provided by the SAO/NASA Astrophysics Data System}
}


@ARTICLE{Erb2012,
author = {{Erb}, D.~K. and {Quider}, A.~M. and {Henry}, A.~L. and {Martin}, C.~L.
	},
 title = "{Galactic Outflows in Absorption and Emission: Near-ultraviolet Spectroscopy of Galaxies at 1 {\lt} z {\lt} 2}",
journal = {\apj},
archivePrefix = "arXiv",
   eprint = {1209.4903},
 primaryClass = "astro-ph.CO",
 keywords = {galaxies: evolution, galaxies: formation, galaxies: high-redshift},
     year = 2012,
    month = nov,
   volume = 759,
      eid = {26},
    pages = {26},
      doi = {10.1088/0004-637X/759/1/26},
   adsurl = {http://adsabs.harvard.edu/abs/2012ApJ...759...26E},
  adsnote = {Provided by the SAO/NASA Astrophysics Data System}
}



@ARTICLE{Finkelstein2011,
   author = {{Finkelstein}, S.~L. and {Cohen}, S.~H. and {Moustakas}, J. and 
	{Malhotra}, S. and {Rhoads}, J.~E. and {Papovich}, C.},
    title = "{Dust Extinction and Metallicities of Star-forming Ly{$\alpha$} Emitting Galaxies at Low Redshift}",
  journal = {\apj},
archivePrefix = "arXiv",
   eprint = {1012.4010},
 keywords = {galaxies: evolution, galaxies: ISM},
     year = 2011,
    month = jun,
   volume = 733,
      eid = {117},
    pages = {117},
      doi = {10.1088/0004-637X/733/2/117},
   adsurl = {http://adsabs.harvard.edu/abs/2011ApJ...733..117F},
  adsnote = {Provided by the SAO/NASA Astrophysics Data System}
}


@ARTICLE{Finkelstein2011Hiz,
   author = {{Finkelstein}, S.~L. and {Hill}, G.~J. and {Gebhardt}, K. and 
	{Adams}, J. and {Blanc}, G.~A. and {Papovich}, C. and {Ciardullo}, R. and 
	{Drory}, N. and {Gawiser}, E. and {Gronwall}, C. and {Schneider}, D.~P. and 
	{Tran}, K.-V.},
    title = "{The HETDEX Pilot Survey. III. The Low Metallicities of High-redshift Ly{$\alpha$} Galaxies}",
  journal = {\apj},
archivePrefix = "arXiv",
   eprint = {1011.0431},
 keywords = {galaxies: evolution},
     year = 2011,
    month = mar,
   volume = 729,
      eid = {140},
    pages = {140},
      doi = {10.1088/0004-637X/729/2/140},
   adsurl = {http://adsabs.harvard.edu/abs/2011ApJ...729..140F},
  adsnote = {Provided by the SAO/NASA Astrophysics Data System}
}

@ARTICLE{France2010,
   author = {{France}, K. and {Nell}, N. and {Green}, J.~C. and {Leitherer}, C.
	},
    title = "{Diffuse Far-UV Line Emission from the Low-redshift Lyman Break Galaxy Analog KISSR242}",
  journal = {\apjl},
archivePrefix = "arXiv",
   eprint = {1009.1642},
 primaryClass = "astro-ph.CO",
 keywords = {galaxies: individual: KISSR242, galaxies: starburst, ultraviolet: galaxies},
     year = 2010,
    month = oct,
   volume = 722,
    pages = {L80-L84},
      doi = {10.1088/2041-8205/722/1/L80},
   adsurl = {http://adsabs.harvard.edu/abs/2010ApJ...722L..80F},
  adsnote = {Provided by the SAO/NASA Astrophysics Data System}
}


@ARTICLE{Fynbo2013,
   author = {{Fynbo}, J.~P.~U. and {Geier}, S.~J. and {Christensen}, L. and 
	{Gallazzi}, A. and {Krogager}, J.-K. and {Kr{\"u}hler}, T. and 
	{Ledoux}, C. and {Maund}, J.~R. and {M{\o}ller}, P. and {Noterdaeme}, P. and 
	{Rivera-Thorsen}, T. and {Vestergaard}, M.},
    title = "{On the two high-metallicity DLAs at z = 2.412 and 2.583 towards Q 0918+1636}",
  journal = {\mnras},
archivePrefix = "arXiv",
   eprint = {1306.2940},
 keywords = {galaxies: formation, galaxies: high-redshift, galaxies: ISM, quasars: absorption lines, quasars: individual: SDSS J 091826.16+163609.0, cosmology: observations},
     year = 2013,
    month = nov,
   volume = 436,
    pages = {361-370},
      doi = {10.1093/mnras/stt1579},
   adsurl = {http://adsabs.harvard.edu/abs/2013MNRAS.436..361F},
  adsnote = {Provided by the SAO/NASA Astrophysics Data System}
}


@ARTICLE{Gawiser2006,
   author = {{Gawiser}, E. and {van Dokkum}, P.~G. and {Gronwall}, C. and 
	{Ciardullo}, R. and {Blanc}, G.~A. and {Castander}, F.~J. and 
	{Feldmeier}, J. and {Francke}, H. and {Franx}, M. and {Haberzettl}, L. and 
	{Herrera}, D. and {Hickey}, T. and {Infante}, L. and {Lira}, P. and 
	{Maza}, J. and {Quadri}, R. and {Richardson}, A. and {Schawinski}, K. and 
	{Schirmer}, M. and {Taylor}, E.~N. and {Treister}, E. and {Urry}, C.~M. and 
	{Virani}, S.~N.},
    title = "{The Physical Nature of Ly{$\alpha$}-emitting Galaxies at z=3.1}",
  journal = {\apjl},
   eprint = {astro-ph/0603244},
 keywords = {Galaxies: High-Redshift},
     year = 2006,
    month = may,
   volume = 642,
    pages = {L13-L16},
      doi = {10.1086/504467},
   adsurl = {http://adsabs.harvard.edu/abs/2006ApJ...642L..13G},
  adsnote = {Provided by the SAO/NASA Astrophysics Data System}
}


@ARTICLE{Giavalisco1996,
   author = {{Giavalisco}, M. and {Koratkar}, A. and {Calzetti}, D.},
    title = "{Obscuration of LY alpha Photons in Star-forming Galaxies}",
  journal = {\apj},
 keywords = {GALAXIES: STARBURST, ISM: CLOUDS, ISM: DUST, EXTINCTION, ISM: H II REGIONS, ISM: STRUCTURE, STARS: FORMATION},
     year = 1996,
    month = aug,
   volume = 466,
    pages = {831},
      doi = {10.1086/177557},
   adsurl = {http://adsabs.harvard.edu/abs/1996ApJ...466..831G},
  adsnote = {Provided by the SAO/NASA Astrophysics Data System}
}


@ARTICLE{GreenPea,
   author = {{Cardamone}, C. and {Schawinski}, K. and {Sarzi}, M. and {Bamford}, S.~P. and 
	{Bennert}, N. and {Urry}, C.~M. and {Lintott}, C. and {Keel}, W.~C. and 
	{Parejko}, J. and {Nichol}, R.~C. and {Thomas}, D. and {Andreescu}, D. and 
	{Murray}, P. and {Raddick}, M.~J. and {Slosar}, A. and {Szalay}, A. and 
	{Vandenberg}, J.},
    title = "{Galaxy Zoo Green Peas: discovery of a class of compact extremely star-forming galaxies}",
  journal = {\mnras},
archivePrefix = "arXiv",
   eprint = {0907.4155},
 primaryClass = "astro-ph.CO",
 keywords = {galaxies: dwarf , galaxies: evolution , galaxies: formation , galaxies: high-redshift , galaxies: Seyfert , galaxies: starburst},
     year = 2009,
    month = nov,
   volume = 399,
    pages = {1191-1205},
      doi = {10.1111/j.1365-2966.2009.15383.x},
   adsurl = {http://adsabs.harvard.edu/abs/2009MNRAS.399.1191C},
  adsnote = {Provided by the SAO/NASA Astrophysics Data System}
}


@ARTICLE{Grimes2009,
   author = {{Grimes}, J.~P. and {Heckman}, T. and {Aloisi}, A. and {Calzetti}, D. and 
	{Leitherer}, C. and {Martin}, C.~L. and {Meurer}, G. and {Sembach}, K. and 
	{Strickland}, D.},
    title = "{Observations of Starburst Galaxies With Far-Ultraviolet Spectrographic Explorer: Galactic Feedback in the Local Universe}",
  journal = {\apjs},
 keywords = {galaxies: halos, galaxies: individual: Haro11 VV11 NGC1140 SBS0335-052 TOL0440-381 NGC1705 NGC1741 IZW18 NGC3310 Haro3 NGC3690 NGC4214 MRK54 IRAS19245-4140 NGC7673 NGC7714, galaxies: starburst, ultraviolet: galaxies},
     year = 2009,
    month = mar,
   volume = 181,
    pages = {272-320},
      doi = {10.1088/0067-0049/181/1/272},
   adsurl = {http://adsabs.harvard.edu/abs/2009ApJS..181..272G},
  adsnote = {Provided by the SAO/NASA Astrophysics Data System}
}


@ARTICLE{Guseva2012,
   author = {{Guseva}, N.~G. and {Izotov}, Y.~I. and {Fricke}, K.~J. and 
	{Henkel}, C.},
    title = "{VLT/X-shooter observations of blue compact galaxies Haro 11 and ESO 338-IG 004}",
  journal = {\aap},
archivePrefix = "arXiv",
   eprint = {1203.5268},
 keywords = {galaxies: fundamental parameters, galaxies: starburst, galaxies: ISM, galaxies: abundances, stars: activity},
     year = 2012,
    month = may,
   volume = 541,
      eid = {A115},
    pages = {A115},
      doi = {10.1051/0004-6361/201118742},
   adsurl = {http://adsabs.harvard.edu/abs/2012A%26A...541A.115G},
  adsnote = {Provided by the SAO/NASA Astrophysics Data System}
}

@ARTICLE{Hayes2005,
   author = {{Hayes}, M. and {{\"O}stlin}, G. and {Mas-Hesse}, J.~M. and 
	{Kunth}, D. and {Leitherer}, C. and {Petrosian}, A.},
    title = "{HST/ACS Lyman {$\alpha$} imaging of the nearby starburst ESO 338-IG04}",
  journal = {\aap},
   eprint = {astro-ph/0503320},
 keywords = {galaxies: starburst, galaxies: individual: ESO 338-IG04, galaxies: ISM, ultraviolet: galaxies, X-rays: stars},
     year = 2005,
    month = jul,
   volume = 438,
    pages = {71-85},
      doi = {10.1051/0004-6361:20052702},
   adsurl = {http://adsabs.harvard.edu/abs/2005A%26A...438...71H},
  adsnote = {Provided by the SAO/NASA Astrophysics Data System}
}

@ARTICLE{Hayes2007,
   author = {{Hayes}, M. and {{\"O}stlin}, G. and {Atek}, H. and {Kunth}, D. and 
	{Mas-Hesse}, J.~M. and {Leitherer}, C. and {Jim{\'e}nez-Bail{\'o}n}, E. and 
	{Adamo}, A.},
    title = "{The escape of Lyman photons from a young starburst: the case of Haro11{\dagger}}",
  journal = {\mnras},
archivePrefix = "arXiv",
   eprint = {0710.2622},
 keywords = {galaxies: evolution, galaxies: individual: Haro11, galaxies: star clusters, ultraviolet: galaxies},
     year = 2007,
    month = dec,
   volume = 382,
    pages = {1465-1480},
      doi = {10.1111/j.1365-2966.2007.12482.x},
   adsurl = {http://adsabs.harvard.edu/abs/2007MNRAS.382.1465H},
  adsnote = {Provided by the SAO/NASA Astrophysics Data System}
}



@ARTICLE{Hayes2009,
   author = {{Hayes}, M. and {{\"O}stlin}, G. and {Mas-Hesse}, J.~M. and 
	{Kunth}, D.},
    title = "{Continuum Subtracting Lyman-Alpha Images: Low-Redshift Studies Using the Solar Blind Channel of HST/ACS}",
  journal = {\aj},
archivePrefix = "arXiv",
   eprint = {0803.1176},
 keywords = {galaxies: starburst, methods: data analysis, techniques: image processing, techniques: photometric},
     year = 2009,
    month = sep,
   volume = 138,
    pages = {911-922},
      doi = {10.1088/0004-6256/138/3/911},
   adsurl = {http://adsabs.harvard.edu/abs/2009AJ....138..911H},
  adsnote = {Provided by the SAO/NASA Astrophysics Data System}
}

@ARTICLE{Heckman2011,
   author = {{Heckman}, T.~M. and {Borthakur}, S. and {Overzier}, R. and 
	{Kauffmann}, G. and {Basu-Zych}, A. and {Leitherer}, C. and 
	{Sembach}, K. and {Martin}, D.~C. and {Rich}, R.~M. and {Schiminovich}, D. and 
	{Seibert}, M.},
    title = "{Extreme Feedback and the Epoch of Reionization: Clues in the Local Universe}",
  journal = {\apj},
archivePrefix = "arXiv",
   eprint = {1101.4219},
 primaryClass = "astro-ph.CO",
 keywords = {galaxies: evolution, galaxies: high-redshift, galaxies: ISM, galaxies: kinematics and dynamics, intergalactic medium},
     year = 2011,
    month = mar,
   volume = 730,
      eid = {5},
    pages = {5},
      doi = {10.1088/0004-637X/730/1/5},
   adsurl = {http://adsabs.harvard.edu/abs/2011ApJ...730....5H},
  adsnote = {Provided by the SAO/NASA Astrophysics Data System}
}



@ARTICLE{Henry2015,
   author = {{Henry}, A. and {Scarlata}, C. and {Martin}, C.~L. and {Erb}, D.
	},
    title = "{Ly{$\alpha$} Emission from Green Peas: The Role of Circumgalactic Gas Density, Covering, and Kinematics}",
  journal = {\apj},
archivePrefix = "arXiv",
   eprint = {1505.05149},
 keywords = {galaxies: dwarf, galaxies: evolution, galaxies: formation},
     year = 2015,
    month = aug,
   volume = 809,
      eid = {19},
    pages = {19},
      doi = {10.1088/0004-637X/809/1/19},
   adsurl = {http://adsabs.harvard.edu/abs/2015ApJ...809...19H},
  adsnote = {Provided by the SAO/NASA Astrophysics Data System}
}



@ARTICLE{Hu1996,
   author = {{Hu}, E.~M. and {McMahon}, R.~G.},
    title = "{Detection of Lyman-{$\alpha$}-emitting galaxies at redshift 4.55}",
  journal = {\nat},
   eprint = {astro-ph/9606135},
     year = 1996,
    month = jul,
   volume = 382,
    pages = {231-233},
      doi = {10.1038/382231a0},
   adsurl = {http://adsabs.harvard.edu/abs/1996Natur.382..231H},
  adsnote = {Provided by the SAO/NASA Astrophysics Data System}
}

@Article{IPython2007,
  Author    = {P\'erez, Fernando and Granger, Brian E.},
  Title     = {{IP}ython: a System for Interactive Scientific Computing},
  Journal   = {Computing in Science and Engineering},
  Volume    = {9},
  Number    = {3},
  Pages     = {21--29},
  month     = may,
  year      = 2007,
  url       = "http://ipython.org",
  ISSN      = "1521-9615",
  doi       = {10.1109/MCSE.2007.53},
  publisher = {IEEE Computer Society},
}


@ARTICLE{James2014,
   author = {{James}, B.~L. and {Aloisi}, A. and {Heckman}, T. and {Sohn}, S.~T. and 
	{Wolfe}, M.~A.},
    title = "{Investigating Nearby Star-forming Galaxies in the Ultraviolet with HST/COS Spectroscopy. I. Spectral Analysis and Interstellar Abundance Determinations}",
  journal = {\apj},
archivePrefix = "arXiv",
   eprint = {1408.4420},
 keywords = {galaxies: individual: I Zw18 M83 NGC 3690 NGC 4214 NGC 4449 NGC 4670 NGC 5253 SBS 0335{\ndash}052 SBS 141+437, galaxies: ISM, galaxies: starburst, ISM: abundances, ultraviolet: ISM},
     year = 2014,
    month = nov,
   volume = 795,
      eid = {109},
    pages = {109},
      doi = {10.1088/0004-637X/795/2/109},
   adsurl = {http://adsabs.harvard.edu/abs/2014ApJ...795..109J},
  adsnote = {Provided by the SAO/NASA Astrophysics Data System}
}


@ARTICLE{Jaskot2013,
   author = {{Jaskot}, A.~E. and {Oey}, M.~S.},
    title = "{The Origin and Optical Depth of Ionizing Radiation in the ''Green Pea'' Galaxies}",
  journal = {\apj},
archivePrefix = "arXiv",
   eprint = {1301.0530},
 primaryClass = "astro-ph.CO",
 keywords = {galaxies: evolution, galaxies: starburst, intergalactic medium, ISM: general, radiative transfer, stars: massive },
     year = 2013,
    month = apr,
   volume = 766,
      eid = {91},
    pages = {91},
      doi = {10.1088/0004-637X/766/2/91},
   adsurl = {http://adsabs.harvard.edu/abs/2013ApJ...766...91J},
  adsnote = {Provided by the SAO/NASA Astrophysics Data System}
}

@ARTICLE{Jaskot2014,
   author = {{Jaskot}, A.~E. and {Oey}, M.~S.},
    title = "{Linking Ly{$\alpha$} and Low-ionization Transitions at Low Optical Depth}",
  journal = {\apjl},
archivePrefix = "arXiv",
   eprint = {1406.4413},
 keywords = {galaxies: high-redshift, galaxies: starburst, intergalactic medium, line: profiles, radiative transfer, ultraviolet: ISM },
     year = 2014,
    month = aug,
   volume = 791,
      eid = {L19},
    pages = {L19},
      doi = {10.1088/2041-8205/791/2/L19},
   adsurl = {http://adsabs.harvard.edu/abs/2014ApJ...791L..19J},
  adsnote = {Provided by the SAO/NASA Astrophysics Data System}
}

@ARTICLE{JaskotOey,
   author = {{Jaskot}, A.~E. and {Oey}, M.~S.},
    title = "{Linking Ly-alpha and Low-Ionization Transitions at Low Optical Depth}",
  journal = {ArXiv e-prints},
archivePrefix = "arXiv",
   eprint = {1406.4413},
 keywords = {Astrophysics - Astrophysics of Galaxies},
     year = 2014,
    month = jun,
   adsurl = {http://adsabs.harvard.edu/abs/2014arXiv1406.4413J},
  adsnote = {Provided by the SAO/NASA Astrophysics Data System}
}


@ARTICLE{Jensen2013,
   author = {{Jensen}, H. and {Laursen}, P. and {Mellema}, G. and {Iliev},
	   I.~T. and
	{Sommer-Larsen}, J. and {Shapiro}, P.~R.},
    title = "{On the use of Ly{$\alpha$} emitters as probes of reionization}",
  journal = {\mnras},
archivePrefix = "arXiv",
   eprint = {1206.4028},
 primaryClass = "astro-ph.CO",
 keywords = {radiative transfer, methods: numerical, galaxies: high-redshift, galaxies: statistics},
     year = 2013,
    month = jan,
   volume = 428,
    pages = {1366-1381},
      doi = {10.1093/mnras/sts116},
   adsurl = {http://adsabs.harvard.edu/abs/2013MNRAS.428.1366J},
  adsnote = {Provided by the SAO/NASA Astrophysics Data System}
}


@ARTICLE{Jones2013,
   author = {{Jones}, T.~A. and {Ellis}, R.~S. and {Schenker}, M.~A. and 
	{Stark}, D.~P.},
    title = "{Keck Spectroscopy of Gravitationally Lensed z \~{}= 4 Galaxies: Improved Constraints on the Escape Fraction of Ionizing Photons}",
  journal = {\apj},
archivePrefix = "arXiv",
   eprint = {1304.7015},
 primaryClass = "astro-ph.CO",
 keywords = {dark ages, reionization, first stars, galaxies: evolution, galaxies: formation, galaxies: ISM },
     year = 2013,
    month = dec,
   volume = 779,
      eid = {52},
    pages = {52},
      doi = {10.1088/0004-637X/779/1/52},
   adsurl = {http://adsabs.harvard.edu/abs/2013ApJ...779...52J},
  adsnote = {Provided by the SAO/NASA Astrophysics Data System}
}


@ARTICLE{Kunth1994,
   author = {{Kunth}, D. and {Lequeux}, J. and {Sargent}, W.~L.~W. and {Viallefond}, F.
	},
    title = "{Is there primordial gas in IZw 18?}",
  journal = {\aap},
 keywords = {Abundance, Dwarf Galaxies, H I Regions, Interstellar Gas, Lyman Spectra, Spaceborne Astronomy, Ultraviolet Astronomy, Absorption Spectra, Astronomical Spectroscopy, Hubble Space Telescope, Iue, Lyman Alpha Radiation, Spectrographs},
     year = 1994,
    month = feb,
   volume = 282,
    pages = {709-716},
   adsurl = {http://adsabs.harvard.edu/abs/1994A%26A...282..709K},
  adsnote = {Provided by the SAO/NASA Astrophysics Data System}
}


@article{Kunth1998,
author = {Kunth, Daniel and Mas-Hesse, J.\~{}M. and Terlevich, E and Terlevich, R and Lequeux, J and Fall, S.\~{}M. Michael},
file = {:home/trive/Arbejde/COS-Paper/Paper/CitePapers/Kunth98.pdf:pdf},
journal = {Astronomy and Astrophysics},
keywords = {COSMOLOGY: OBSERVATIONS,GALAXIES: COMPACT,GALAXIES: IRREGULAR,GALAXIES: ISM,GALAXIES: STARBUST,ULTRAVIOLET: GALAXIES,com-,galaxies,irregular,ism},
month = jun,
pages = {11--20},
title = {{HST study of Lyman-alpha emission in star-forming galaxies : the effect of neutral gas flows}},
volume = {20},
year = {1998}
}


@ARTICLE{Kunth98,
   author = {{Kunth}, D. and {Mas-Hesse}, J.~M. and {Terlevich}, E. and {Terlevich}, R. and 
	{Lequeux}, J. and {Fall}, S.~M.},
    title = "{HST study of Lyman-alpha emission in star-forming galaxies: the effect of neutral gas flows}",
  journal = {\aap},
   eprint = {astro-ph/9802253},
 keywords = {GALAXIES: ISM, GALAXIES: IRREGULAR, GALAXIES: COMPACT, GALAXIES: STARBUST, COSMOLOGY: OBSERVATIONS, ULTRAVIOLET: GALAXIES},
     year = 1998,
    month = jun,
   volume = 334,
    pages = {11-20},
   adsurl = {http://adsabs.harvard.edu/abs/1998A\%26A...334...11K},
  adsnote = {Provided by the SAO/NASA Astrophysics Data System}
}

@ARTICLE{Kunth2003,
   author = {{Kunth}, D. and {Leitherer}, C. and {Mas-Hesse}, J.~M. and {{\"O}stlin}, G. and 
	{Petrosian}, A.},
    title = "{The First Deep Advanced Camera for Surveys Ly{$\alpha$} Images of Local Starburst Galaxies}",
  journal = {\apj},
   eprint = {astro-ph/0307555},
 keywords = {Galaxies: ISM, Galaxies: Starburst, Galaxies: Stellar Content, Ultraviolet: Galaxies},
     year = 2003,
    month = nov,
   volume = 597,
    pages = {263-268},
      doi = {10.1086/378396},
   adsurl = {http://adsabs.harvard.edu/abs/2003ApJ...597..263K},
  adsnote = {Provided by the SAO/NASA Astrophysics Data System}
}

@ARTICLE{LARS0,
   author = {{Hayes}, M. and {{\"O}stlin}, G. and {Schaerer}, D. and {Verhamme}, A. and 
	{Mas-Hesse}, J.~M. and {Adamo}, A. and {Atek}, H. and {Cannon}, J.~M. and 
	{Duval}, F. and {Guaita}, L. and {Herenz}, E.~C. and {Kunth}, D. and 
	{Laursen}, P. and {Melinder}, J. and {Orlitov{\'a}}, I. and 
	{Ot{\'{\i}}-Floranes}, H. and {Sandberg}, A.},
    title = "{The Lyman Alpha Reference Sample: Extended Lyman Alpha Halos Produced at Low Dust Content}",
  journal = {\apjl},
archivePrefix = "arXiv",
   eprint = {1303.0006},
 primaryClass = "astro-ph.CO",
 keywords = {cosmology: observations, galaxies: evolution, galaxies: formation, galaxies: starburst, radiative transfer },
     year = 2013,
    month = mar,
   volume = 765,
      eid = {L27},
    pages = {L27},
      doi = {10.1088/2041-8205/765/2/L27},
   adsurl = {http://adsabs.harvard.edu/abs/2013ApJ...765L..27H},
  adsnote = {Provided by the SAO/NASA Astrophysics Data System}
}


@ARTICLE{LARSI,
   author = {{{\"O}stlin}, G. and {Hayes}, M. and {Duval}, F. and {Sandberg}, A. and 
	{Guaita}, L. and {Melinder}, J. and {Adamo}, A. and {Schaerer}, D. and 
	{Verhamme}, A. and {Orlitov{\'a}}, I. and {Mas-Hesse}, J.~M. and 
	{Cannon}, J.~M. and {Atek}, H. and {Kunth}, D. and {Laursen}, P. and 
	{Ot{\'{\i}}-Floranes}, H. and {Pardy}, S. and {Rivera-Thorsen}, T. and 
	{Herenz}, E.~C.},
    title = "{The Lyman Alpha Reference Sample. I. CORRECT INFO NEEDED
	    ABOUT THIS PAPER.}",
  journal = {\apj},
 keywords = {cosmology: observations, galaxies: starburst },
     year = 2014,
}


@ARTICLE{LARSII,
   author = {{Hayes}, M. and {{\"O}stlin}, G. and {Duval}, F. and {Sandberg}, A. and 
	{Guaita}, L. and {Melinder}, J. and {Adamo}, A. and {Schaerer}, D. and 
	{Verhamme}, A. and {Orlitov{\'a}}, I. and {Mas-Hesse}, J.~M. and 
	{Cannon}, J.~M. and {Atek}, H. and {Kunth}, D. and {Laursen}, P. and 
	{Ot{\'{\i}}-Floranes}, H. and {Pardy}, S. and {Rivera-Thorsen}, T. and 
	{Herenz}, E.~C.},
    title = "{The Lyman Alpha Reference Sample. II. Hubble Space Telescope Imaging Results, Integrated Properties, and Trends}",
  journal = {\apj},
archivePrefix = "arXiv",
   eprint = {1308.6578},
 primaryClass = "astro-ph.CO",
 keywords = {cosmology: observations, galaxies: starburst },
     year = 2014,
    month = feb,
   volume = 782,
      eid = {6},
    pages = {6},
      doi = {10.1088/0004-637X/782/1/6},
   adsurl = {http://adsabs.harvard.edu/abs/2014ApJ...782....6H},
  adsnote = {Provided by the SAO/NASA Astrophysics Data System},
}



@ARTICLE{LARSIII,
   author = {{Pardy}, S.~A. and {Cannon}, J.~M. and {{\"O}stlin}, G. and 
	{Hayes}, M. and {Rivera-Thorsen}, T. and {Sandberg}, A. and 
	{Adamo}, A. and {Freeland}, E. and {Herenz}, E.~C. and {Guaita}, L. and 
	{Kunth}, D. and {Laursen}, P. and {Mas-Hesse}, J.~M. and {Melinder}, J. and 
	{Orlitov{\'a}}, I. and {Ot{\'{\i}}-Floranes}, H. and {Puschnig}, J. and 
	{Schaerer}, D. and {Verhamme}, A.},
    title = "{The Lyman Alpha Reference Sample. III. Properties of the Neutral ISM from GBT and VLA Observations}",
  journal = {\apj},
archivePrefix = "arXiv",
   eprint = {1408.6275},
 keywords = {galaxies: ISM, galaxies: kinematics and dynamics, galaxies: starburst, radio lines: galaxies},
     year = {2014},
    month = oct,
   volume = 794,
      eid = {101},
    pages = {101},
      doi = {10.1088/0004-637X/794/2/101},
   adsurl = {http://adsabs.harvard.edu/abs/2014ApJ...794..101P},
  adsnote = {Provided by the SAO/NASA Astrophysics Data System}
}


@ARTICLE{Laursen2009b,
   author = {{Laursen}, P. and {Sommer-Larsen}, J. and {Andersen}, A.~C.},
    title = "{Ly{$\alpha$} Radiative Transfer with Dust: Escape Fractions from Simulated High-Redshift Galaxies}",
  journal = {\apj},
archivePrefix = "arXiv",
   eprint = {0907.2698},
 primaryClass = "astro-ph.CO",
 keywords = {dust, extinction, galaxies: high-redshift, line: formation, line: profiles, radiative transfer, scattering},
     year = 2009,
    month = oct,
   volume = 704,
    pages = {1640-1656},
      doi = {10.1088/0004-637X/704/2/1640},
   adsurl = {http://adsabs.harvard.edu/abs/2009ApJ...704.1640L},
  adsnote = {Provided by the SAO/NASA Astrophysics Data System}
}


@ARTICLE{Laursen2013,
   author = {{Laursen}, P. and {Duval}, F. and {{\"O}stlin}, G.},
    title = "{On the (Non-)Enhancement of the Ly{$\alpha$} Equivalent Width by a Multiphase Interstellar Medium}",
  journal = {\apj},
archivePrefix = "arXiv",
   eprint = {1211.2833},
 primaryClass = "astro-ph.CO",
 keywords = {galaxies: ISM, radiative transfer, scattering },
     year = 2013,
    month = apr,
   volume = 766,
      eid = {124},
    pages = {124},
      doi = {10.1088/0004-637X/766/2/124},
   adsurl = {http://adsabs.harvard.edu/abs/2013ApJ...766..124L},
  adsnote = {Provided by the SAO/NASA Astrophysics Data System}
}



@ARTICLE{Leitet2011,
   author = {{Leitet}, E. and {Bergvall}, N. and {Piskunov}, N. and {Andersson}, B.-G.
	},
    title = "{Analyzing low signal-to-noise FUSE spectra. Confirmation of Lyman continuum escape from Haro 11}",
  journal = {\aap},
archivePrefix = "arXiv",
   eprint = {1106.1178},
 keywords = {intergalactic medium, galaxies: starburst, galaxies: fundamental parameters, galaxies: evolution, diffuse radiation, ultraviolet: galaxies},
     year = 2011,
    month = aug,
   volume = 532,
      eid = {A107},
    pages = {A107},
      doi = {10.1051/0004-6361/201015654},
   adsurl = {http://adsabs.harvard.edu/abs/2011A%26A...532A.107L},
  adsnote = {Provided by the SAO/NASA Astrophysics Data System}
}


@ARTICLE{Leitet2013,
   author = {{Leitet}, E. and {Bergvall}, N. and {Hayes}, M. and {Linn{\'e}}, S. and 
	{Zackrisson}, E.},
    title = "{Escape of Lyman continuum radiation from local galaxies. Detection of leakage from the young starburst Tol 1247-232}",
  journal = {\aap},
archivePrefix = "arXiv",
   eprint = {1302.6971},
 keywords = {ultraviolet: galaxies, intergalactic medium, galaxies: fundamental parameters, dark ages, reionization, first stars, galaxies: starburst, galaxies: evolution},
     year = 2013,
    month = may,
   volume = 553,
      eid = {A106},
    pages = {A106},
      doi = {10.1051/0004-6361/201118370},
   adsurl = {http://adsabs.harvard.edu/abs/2013A%26A...553A.106L},
  adsnote = {Provided by the SAO/NASA Astrophysics Data System}
}

@ARTICLE{MacLowMacCray,
   author = {{Mac Low}, M.-M. and {McCray}, R. and {Norman}, M.~L.},
    title = "{Superbubble blowout dynamics}",
  journal = {\apj},
 keywords = {Galactic Structure, Interstellar Gas, Supernovae, Astronomical Models, Blowouts, Bubbles, H I Regions, High Temperature Gases, Hydrodynamics, Numerical Flow Visualization},
     year = 1989,
    month = feb,
   volume = 337,
    pages = {141-154},
      doi = {10.1086/167094},
   adsurl = {http://adsabs.harvard.edu/abs/1989ApJ...337..141M},
  adsnote = {Provided by the SAO/NASA Astrophysics Data System}
}


@ARTICLE{Malhotra2002,
   author = {{Malhotra}, S. and {Rhoads}, J.~E.},
    title = "{Large Equivalent Width Ly{$\alpha$} line Emission at z=4.5: Young Galaxies in a Young Universe?}",
  journal = {\apjl},
   eprint = {astro-ph/0111126},
 keywords = {Cosmology: Observations, Galaxies: Evolution, Galaxies: Formation, Galaxies: General, Galaxies: Statistics},
     year = 2002,
    month = feb,
   volume = 565,
    pages = {L71-L74},
      doi = {10.1086/338980},
   adsurl = {http://adsabs.harvard.edu/abs/2002ApJ...565L..71M},
  adsnote = {Provided by the SAO/NASA Astrophysics Data System}
}


@ARTICLE{MalhotraRhoads2004,
   author = {{Malhotra}, S. and {Rhoads}, J.~E.},
    title = "{Luminosity Functions of Ly{$\alpha$} Emitters at Redshifts z=6.5 and z=5.7: Evidence against Reionization at z{\lt}=6.5}",
  journal = {\apjl},
   eprint = {astro-ph/0407408},
 keywords = {Galaxies: Evolution, Galaxies: Formation, Galaxies: High-Redshift, Galaxies: Luminosity Function, Mass Function, Galaxies: Intergalactic Medium},
     year = 2004,
    month = dec,
   volume = 617,
    pages = {L5-L8},
      doi = {10.1086/427182},
   adsurl = {http://adsabs.harvard.edu/abs/2004ApJ...617L...5M},
  adsnote = {Provided by the SAO/NASA Astrophysics Data System}
}

@ARTICLE{Malhotra2012,
   author = {{Malhotra}, S. and {Rhoads}, J.~E. and {Finkelstein}, S.~L. and
	{Hathi}, N. and {Nilsson}, K. and {McLinden}, E. and {Pirzkal}, N.
	},
    title = "{Sizing up Ly{$\alpha$} and Lyman Break Galaxies}",
  journal = {\apjl},
archivePrefix = "arXiv",
   eprint = {1106.2816},
 primaryClass = "astro-ph.CO",
 keywords = {galaxies: high-redshift},
     year = 2012,
    month = may,
   volume = 750,
      eid = {L36},
    pages = {L36},
      doi = {10.1088/2041-8205/750/2/L36},
   adsurl = {http://adsabs.harvard.edu/abs/2012ApJ...750L..36M},
  adsnote = {Provided by the SAO/NASA Astrophysics Data System}
}


@ARTICLE{MasHesse03,
   author = {{Mas-Hesse}, J.~M. and {Kunth}, D. and {Tenorio-Tagle}, G. and 
	{Leitherer}, C. and {Terlevich}, R.~J. and {Terlevich}, E.},
    title = "{Ly{$\alpha$} Emission in Starbursts: Implications for Galaxies at High Redshift}",
  journal = {\apj},
   eprint = {astro-ph/0309396},
 keywords = {Galaxies: Halos, Galaxies: High-Redshift, Galaxies: ISM, Galaxies: Starburst, ISM: Bubbles, Ultraviolet: Galaxies},
     year = 2003,
    month = dec,
   volume = 598,
    pages = {858-877},
      doi = {10.1086/379116},
   adsurl = {http://adsabs.harvard.edu/abs/2003ApJ...598..858M},
  adsnote = {Provided by the SAO/NASA Astrophysics Data System}
}

@ARTICLE{Matplotlib, 
author={Hunter, J.D.}, 
journal={Computing in Science Engineering}, 
title={Matplotlib: A 2D Graphics Environment}, 
year={2007}, 
month={May}, 
volume={9}, 
number={3}, 
pages={90-95}, 
keywords={computer graphics;mathematics computing;object-oriented programming;software packages;2D graphics package;Matplotlib;Python;application development;interactive scripting;operating system;publication-quality image generation;user interface;Computer languages;Equations;Graphical user interfaces;Graphics;Image generation;Interpolation;Operating systems;Packaging;Programming profession;User interfaces;Python;application development;scientific programming;scripting languages}, 
doi={10.1109/MCSE.2007.55}, 
ISSN={1521-9615},}


@ARTICLE{MeierTerlevitch1981,
   author = {{Meier}, D.~L. and {Terlevich}, R.},
    title = "{Extragalactic H II regions in the UV - Implications for primeval galaxies}",
  journal = {\apjl},
 keywords = {Galactic Evolution, H Ii Regions, Intergalactic Media, Nebulae, Ultraviolet Astronomy, Balmer Series, Iue, Lyman Alpha Radiation, Stellar Evolution, Ultraviolet Spectra},
     year = 1981,
    month = jun,
   volume = 246,
    pages = {L109-L113},
      doi = {10.1086/183565},
   adsurl = {http://adsabs.harvard.edu/abs/1981ApJ...246L.109M},
  adsnote = {Provided by the SAO/NASA Astrophysics Data System}
}


@ARTICLE{Meurer1995,
   author = {{Meurer}, G.~R. and {Heckman}, T.~M. and {Leitherer}, C. and 
	{Kinney}, A. and {Robert}, C. and {Garnett}, D.~R.},
    title = "{Starbursts and Star Clusters in the Ultraviolet}",
  journal = {\aj},
   eprint = {astro-ph/9509038},
 keywords = {GALAXIES: STARBURST, ULTRAVIOLET: GALAXIES, GALAXIES: ISM},
     year = 1995,
    month = dec,
   volume = 110,
    pages = {2665},
      doi = {10.1086/117721},
   adsurl = {http://adsabs.harvard.edu/abs/1995AJ....110.2665M},
  adsnote = {Provided by the SAO/NASA Astrophysics Data System}
}


@ARTICLE{Meyer90,
   author = {{Meyer}, D.~M. and {Roth}, K.~C.},
    title = "{Observations of nickel, chromium, and zinc in QSO absorption-line systems}",
  journal = {\apj},
 keywords = {Absorption Spectra, Chromium, Metallicity, Nickel, Quasars, Zinc, Abundance, Galactic Evolution, Interstellar Matter, Lyman Alpha Radiation, Red Shift},
     year = 1990,
    month = nov,
   volume = 363,
    pages = {57-65},
      doi = {10.1086/169319},
   adsurl = {http://adsabs.harvard.edu/abs/1990ApJ...363...57M},
  adsnote = {Provided by the SAO/NASA Astrophysics Data System}
}



@ARTICLE{Nakajima2014,
   author = {{Nakajima}, K. and {Ouchi}, M.},
    title = "{Ionization state of inter-stellar medium in galaxies: evolution, SFR-M$_{*}$-Z dependence, and ionizing photon escape}",
  journal = {\mnras},
archivePrefix = "arXiv",
   eprint = {1309.0207},
 keywords = {galaxies: abundances, galaxies: evolution, galaxies: high-redshift, galaxies: ISM},
     year = 2014,
    month = jul,
   volume = 442,
    pages = {900-916},
      doi = {10.1093/mnras/stu902},
   adsurl = {http://adsabs.harvard.edu/abs/2014MNRAS.442..900N},
  adsnote = {Provided by the SAO/NASA Astrophysics Data System}
}

@ARTICLE{Neufeldt1990,
   author = {{Neufeld}, D.~A.},
    title = "{The transfer of resonance-line radiation in static astrophysical media}",
  journal = {\apj},
 keywords = {Hydrogen Atoms, Interstellar Gas, Radiative Transfer, Resonance Lines, Computational Astrophysics, Partial Differential Equations, Statics},
     year = 1990,
    month = feb,
   volume = 350,
    pages = {216-241},
      doi = {10.1086/168375},
   adsurl = {http://adsabs.harvard.edu/abs/1990ApJ...350..216N},
  adsnote = {Provided by the SAO/NASA Astrophysics Data System}
}

@ARTICLE{Neufeldt1991,
   author = {{Neufeld}, D.~A.},
    title = "{The escape of Lyman-alpha radiation from a multiphase interstellar medium}",
  journal = {\apjl},
 keywords = {Galactic Radiation, Interstellar Matter, Lyman Alpha Radiation, Radiative Transfer, Radio Sources (Astronomy), Continuous Radiation, Eddington Approximation, Interstellar Extinction},
     year = 1991,
    month = apr,
   volume = 370,
    pages = {L85-L88},
      doi = {10.1086/185983},
   adsurl = {http://adsabs.harvard.edu/abs/1991ApJ...370L..85N},
  adsnote = {Provided by the SAO/NASA Astrophysics Data System}
}


@Misc{NIST_ASD,
       author = {A.~Kramida and {Yu.~Ralchenko} and J.~Reader and {and NIST ASD Team}},
 HOWPUBLISHED = {{NIST Atomic Spectra Database (ver. 5.1), [Online]. Available:
{\tt{http://physics.nist.gov/asd}} [2014, March 24]. National Institute of Standards and Technology, 
Gaithersburg, MD.}},
         year = {2013},
}


@article{NumPy,
   author = {Walt, Stéfan van der and Colbert, S. Chris and Varoquaux, Gaël},
   title = {The NumPy Array: A Structure for Efficient Numerical Computation},
   journal = {Computing in Science \& Engineering},
   year = {2011},
   volume = {13},
   number = {2}, 
   eid = {},
   pages = {22-30},
   url = {http://scitation.aip.org/content/aip/journal/cise/13/2/10.1109/MCSE.2011.37},
   doi = {http://dx.doi.org/10.1109/MCSE.2011.37} 
}


@ARTICLE{Ostlin1999,
   author = {{{\"O}stlin}, G. and {Amram}, P. and {Masegosa}, J. and {Bergvall}, N. and 
	{Boulesteix}, J.},
    title = "{Dynamics of blue compact galaxies, as revealed by their H{$\alpha$} velocity fields. I. The data, velocity fields and rotation curves}",
  journal = {\aaps},
   eprint = {astro-ph/9812281},
 keywords = {GALAXIES: COMPACT, GALAXIES: STARBURST, GALAXIES: KINEMATICS AND DYNAMICS, GALAXIES: ISM, GALAXIES: INTERACTIONS},
     year = 1999,
    month = jun,
   volume = 137,
    pages = {419-444},
      doi = {10.1051/aas:1999488},
   adsurl = {http://adsabs.harvard.edu/abs/1999A%26AS..137..419O},
  adsnote = {Provided by the SAO/NASA Astrophysics Data System}
}



@ARTICLE{Ostlin1998,
   author = {{Oestlin}, G. and {Bergvall}, N. and {Roennback}, J.},
    title = "{Globular clusters in the blue compact galaxy ESO 338-IG04 (Tololo 1924-416), as tracers of the star formation history. Results from HST/WFPC2 observations}",
  journal = {\aap},
   eprint = {astro-ph/9804072},
 keywords = {GALAXIES: COMPACT, GALAXIES: STARBURST, GALAXIES: STAR CLUSTERS, GALAXIES: EVOLUTION, GALAXIES: INTERACTION, GALAXIES: INDIVIDUAL: ESO 338-IG04 TOL 1924-416},
     year = 1998,
    month = jul,
   volume = 335,
    pages = {85-112},
   adsurl = {http://adsabs.harvard.edu/abs/1998A%26A...335...85O},
  adsnote = {Provided by the SAO/NASA Astrophysics Data System}
}

@ARTICLE{Ostlin2003,
   author = {{{\"O}stlin}, G. and {Zackrisson}, E. and {Bergvall}, N. and 
	{R{\"o}nnback}, J.},
    title = "{The temporal and spatial evolution of the starburst in ESO 338-IG04 as probed by its star clusters}",
  journal = {\aap},
   eprint = {astro-ph/0306522},
 keywords = {galaxies: starburst, galaxies: star clusters, galaxies: dwarf, galaxies: individual: ESO 338-IG04},
     year = 2003,
    month = sep,
   volume = 408,
    pages = {887-903},
      doi = {10.1051/0004-6361:20030968},
   adsurl = {http://adsabs.harvard.edu/abs/2003A%26A...408..887O},
  adsnote = {Provided by the SAO/NASA Astrophysics Data System}
}


@ARTICLE{Ostlin2009,
   author = {{{\"O}stlin}, G. and {Hayes}, M. and {Kunth}, D. and {Mas-Hesse}, J.~M. and 
	{Leitherer}, C. and {Petrosian}, A. and {Atek}, H.},
    title = "{The Lyman Alpha Morphology of Local Starburst Galaxies: Release of Calibrated Images}",
  journal = {\aj},
archivePrefix = "arXiv",
   eprint = {0803.1174},
 keywords = {galaxies: individual: Haro 11 SBS 033596;052 IRAS 08339+6517 Tol 65 NGC6090 Tololo 1924-416, galaxies: ISM, galaxies: starburst, ultraviolet: galaxies},
     year = 2009,
    month = sep,
   volume = 138,
    pages = {923-940},
      doi = {10.1088/0004-6256/138/3/923},
   adsurl = {http://adsabs.harvard.edu/abs/2009AJ....138..923O},
  adsnote = {Provided by the SAO/NASA Astrophysics Data System}
}


@ARTICLE{Ouchi2008,
   author = {{Ouchi}, M. and {Shimasaku}, K. and {Akiyama}, M. and {Simpson}, C. and 
	{Saito}, T. and {Ueda}, Y. and {Furusawa}, H. and {Sekiguchi}, K. and 
	{Yamada}, T. and {Kodama}, T. and {Kashikawa}, N. and {Okamura}, S. and 
	{Iye}, M. and {Takata}, T. and {Yoshida}, M. and {Yoshida}, M.
	},
    title = "{The Subaru/XMM-Newton Deep Survey (SXDS). IV. Evolution of Ly{$\alpha$} Emitters from z=3.1 to 5.7 in the 1 deg$^{2}$ Field: Luminosity Functions and AGN}",
  journal = {\apjs},
archivePrefix = "arXiv",
   eprint = {0707.3161},
 keywords = {Cosmology: Observations, Galaxies: Formation, Galaxies: High-Redshift},
     year = 2008,
    month = jun,
   volume = 176,
    pages = {301-330},
      doi = {10.1086/527673},
   adsurl = {http://adsabs.harvard.edu/abs/2008ApJS..176..301O},
  adsnote = {Provided by the SAO/NASA Astrophysics Data System}
}


@ARTICLE{Ouchi2013,
   author = {{Ouchi}, M. and {Ellis}, R. and {Ono}, Y. and {Nakanishi}, K. and 
	{Kohno}, K. and {Momose}, R. and {Kurono}, Y. and {Ashby}, M.~L.~N. and 
	{Shimasaku}, K. and {Willner}, S.~P. and {Fazio}, G.~G. and 
	{Tamura}, Y. and {Iono}, D.},
    title = "{An Intensely Star-forming Galaxy at z \~{} 7 with Low Dust and Metal Content Revealed by Deep ALMA and HST Observations}",
  journal = {\apj},
archivePrefix = "arXiv",
   eprint = {1306.3572},
 keywords = {cosmology: observations, galaxies: formation, galaxies: high-redshift},
     year = 2013,
    month = dec,
   volume = 778,
      eid = {102},
    pages = {102},
      doi = {10.1088/0004-637X/778/2/102},
   adsurl = {http://adsabs.harvard.edu/abs/2013ApJ...778..102O},
  adsnote = {Provided by the SAO/NASA Astrophysics Data System}
}


@InProceedings{Pandas,
  author    = { Wes McKinney },
  title     = { Data Structures for Statistical Computing in Python },
  booktitle = { Proceedings of the 9th Python in Science Conference },
  pages     = { 51 - 56 },
  year      = { 2010 },
  editor    = { St\'efan van der Walt and Jarrod Millman }
}


@ARTICLE{Pentericci2009,
   author = {{Pentericci}, L. and {Grazian}, A. and {Fontana}, A. and {Castellano}, M. and 
	{Giallongo}, E. and {Salimbeni}, S. and {Santini}, P.},
    title = "{The physical properties of Ly{$\alpha$} emitting galaxies: not just primeval galaxies?}",
  journal = {\aap},
archivePrefix = "arXiv",
   eprint = {0811.1861},
 keywords = {galaxies: evolution, galaxies: high-redshift, galaxies: fundamental parameters},
     year = 2009,
    month = feb,
   volume = 494,
    pages = {553-561},
      doi = {10.1051/0004-6361:200810722},
   adsurl = {http://adsabs.harvard.edu/abs/2009A%26A...494..553P},
  adsnote = {Provided by the SAO/NASA Astrophysics Data System}
}

@ARTICLE{Petitjean1996,
   author = {{Petitjean}, P. and {P{\'e}contal}, E. and {Valls-Gabaud}, D. and 
	{Chariot}, S.},
    title = "{A companion to a quasar at redshift z = 4.7}",
  journal = {\nat},
   eprint = {astro-ph/9603088},
     year = 1996,
    month = apr,
   volume = 380,
    pages = {411-413},
      doi = {10.1038/380411a0},
   adsurl = {http://adsabs.harvard.edu/abs/1996Natur.380..411P},
  adsnote = {Provided by the SAO/NASA Astrophysics Data System}
}

@ARTICLE{Pettini2002,
   author = {{Pettini}, M. and {Rix}, S.~A. and {Steidel}, C.~C. and {Adelberger}, K.~L. and 
	{Hunt}, M.~P. and {Shapley}, A.~E.},
    title = "{New Observations of the Interstellar Medium in the Lyman Break Galaxy MS 1512-cB58}",
  journal = {\apj},
   eprint = {astro-ph/0110637},
 keywords = {Cosmology: Observations, Galaxies: Evolution, Galaxies: Individual: Alphanumeric: MS 1512-cB58, Galaxies: Starburst},
     year = 2002,
    month = apr,
   volume = 569,
    pages = {742-757},
      doi = {10.1086/339355},
   adsurl = {http://adsabs.harvard.edu/abs/2002ApJ...569..742P},
  adsnote = {Provided by the SAO/NASA Astrophysics Data System}
}


@ARTICLE{Prochaska2011,
   author = {{Prochaska}, J.~X. and {Kasen}, D. and {Rubin}, K.},
    title = "{Simple Models of Metal-line Absorption and Emission from Cool Gas Outflows}",
  journal = {\apj},
archivePrefix = "arXiv",
   eprint = {1102.3444},
 primaryClass = "astro-ph.GA",
 keywords = {galaxies: formation},
     year = 2011,
    month = jun,
   volume = 734,
      eid = {24},
    pages = {24},
      doi = {10.1088/0004-637X/734/1/24},
   adsurl = {http://adsabs.harvard.edu/abs/2011ApJ...734...24P},
  adsnote = {Provided by the SAO/NASA Astrophysics Data System}
}


@ARTICLE{Quider2009,
   author = {{Quider}, A.~M. and {Pettini}, M. and {Shapley}, A.~E. and {Steidel}, C.~C.
	},
    title = "{The ultraviolet spectrum of the gravitationally lensed galaxy `the Cosmic Horseshoe': a close-up of a star-forming galaxy at z \~{} 2}",
  journal = {\mnras},
archivePrefix = "arXiv",
   eprint = {0906.2412},
 primaryClass = "astro-ph.CO",
 keywords = {galaxies: evolution , galaxies: individual: Cosmic Horseshoe , galaxies: starburst , cosmology: observations},
     year = 2009,
    month = sep,
   volume = 398,
    pages = {1263-1278},
      doi = {10.1111/j.1365-2966.2009.15234.x},
   adsurl = {http://adsabs.harvard.edu/abs/2009MNRAS.398.1263Q},
  adsnote = {Provided by the SAO/NASA Astrophysics Data System}
}



@ARTICLE{RiveraThorsen2015,
   author = {{Rivera-Thorsen}, T.~E. and {Hayes}, M. and {{\"O}stlin}, G. and 
	{Duval}, F. and {Orlitov{\'a}}, I. and {Verhamme}, A. and {Mas-Hesse}, J.~M. and 
	{Schaerer}, D. and {Cannon}, J.~M. and {Ot{\'{\i}}-Floranes}, H. and 
	{Sandberg}, A. and {Guaita}, L. and {Adamo}, A. and {Atek}, H. and 
	{Herenz}, E.~C. and {Kunth}, D. and {Laursen}, P. and {Melinder}, J.
	},
    title = "{The Lyman Alpha Reference Sample. V. The Impact of Neutral ISM Kinematics and Geometry on Ly{$\alpha$} Escape}",
  journal = {\apj},
archivePrefix = "arXiv",
   eprint = {1503.01157},
 keywords = {cosmology: observations, galaxies: ISM, galaxies: kinematics and dynamics, galaxies: starburst},
     year = 2015,
    month = may,
   volume = 805,
      eid = {14},
    pages = {14},
      doi = {10.1088/0004-637X/805/1/14},
   adsurl = {http://adsabs.harvard.edu/abs/2015ApJ...805...14R},
  adsnote = {Provided by the SAO/NASA Astrophysics Data System}
}


@ARTICLE{Robertson2013,
   author = {{Robertson}, B.~E. and {Furlanetto}, S.~R. and {Schneider}, E. and 
	{Charlot}, S. and {Ellis}, R.~S. and {Stark}, D.~P. and {McLure}, R.~J. and 
	{Dunlop}, J.~S. and {Koekemoer}, A. and {Schenker}, M.~A. and 
	{Ouchi}, M. and {Ono}, Y. and {Curtis-Lake}, E. and {Rogers}, A.~B. and 
	{Bowler}, R.~A.~A. and {Cirasuolo}, M.},
    title = "{New Constraints on Cosmic Reionization from the 2012 Hubble Ultra Deep Field Campaign}",
  journal = {\apj},
archivePrefix = "arXiv",
   eprint = {1301.1228},
 primaryClass = "astro-ph.CO",
 keywords = {dark ages, reionization, first stars, galaxies: evolution, galaxies: formation},
     year = 2013,
    month = may,
   volume = 768,
      eid = {71},
    pages = {71},
      doi = {10.1088/0004-637X/768/1/71},
   adsurl = {http://adsabs.harvard.edu/abs/2013ApJ...768...71R},
  adsnote = {Provided by the SAO/NASA Astrophysics Data System}
}



@ARTICLE{Sandberg2013,
   author = {{Sandberg}, A. and {{\"O}stlin}, G. and {Hayes}, M. and {Fathi}, K. and 
	{Schaerer}, D. and {Mas-Hesse}, J.~M. and {Rivera-Thorsen}, T.
	},
    title = "{Neutral gas in Lyman-alpha emitting galaxies Haro 11 and ESO 338-IG04 measured through sodium absorption}",
  journal = {\aap},
archivePrefix = "arXiv",
   eprint = {1303.2011},
 primaryClass = "astro-ph.GA",
 keywords = {galaxies: kinematics and dynamics, galaxies: ISM, galaxies: starburst, galaxies: individual: Haro 11, galaxies: individual: ESO 338-IG04},
     year = 2013,
    month = apr,
   volume = 552,
      eid = {A95},
    pages = {A95},
      doi = {10.1051/0004-6361/201220702},
   adsurl = {http://adsabs.harvard.edu/abs/2013A%26A...552A..95S},
  adsnote = {Provided by the SAO/NASA Astrophysics Data System}
}


@ARTICLE{Savage1991,
   author = {{Savage}, B.~D. and {Sembach}, K.~R.},
    title = "{The analysis of apparent optical depth profiles for interstellar absorption lines}",
  journal = {\apj},
 keywords = {Absorption Spectra, Interstellar Extinction, Interstellar Matter, Line Spectra, Optical Thickness, Ultraviolet Spectra, Computerized Simulation, Error Analysis, Iue, Spectrum Analysis},
     year = 1991,
    month = sep,
   volume = 379,
    pages = {245-259},
      doi = {10.1086/170498},
   adsurl = {http://adsabs.harvard.edu/abs/1991ApJ...379..245S},
  adsnote = {Provided by the SAO/NASA Astrophysics Data System}
}



@ARTICLE{Scarlata2009,
   author = {{Scarlata}, C. and {Colbert}, J. and {Teplitz}, H.~I. and {Panagia}, N. and 
	{Hayes}, M. and {Siana}, B. and {Rau}, A. and {Francis}, P. and 
	{Caon}, A. and {Pizzella}, A. and {Bridge}, C.},
    title = "{The Effect of Dust Geometry on the Ly{$\alpha$} Output of Galaxies}",
  journal = {\apjl},
archivePrefix = "arXiv",
   eprint = {0909.3847},
 primaryClass = "astro-ph.CO",
 keywords = {galaxies: ISM, ISM: structure},
     year = 2009,
    month = oct,
   volume = 704,
    pages = {L98-L102},
      doi = {10.1088/0004-637X/704/2/L98},
   adsurl = {http://adsabs.harvard.edu/abs/2009ApJ...704L..98S},
  adsnote = {Provided by the SAO/NASA Astrophysics Data System}
}

@Misc{SciPy,
  author =    {Eric Jones and Travis Oliphant and Pearu Peterson and others},
  title =     {{SciPy}: Open source scientific tools for {Python}},
  year =      {2001--},
  url = "http://www.scipy.org/",
  note = {[Online; accessed 2014-11-25]}
}

@ARTICLE{Shapley2003,
   author = {{Shapley}, A.~E. and {Steidel}, C.~C. and {Pettini}, M. and 
	{Adelberger}, K.~L.},
    title = "{Rest-Frame Ultraviolet Spectra of z\~{}3 Lyman Break Galaxies}",
  journal = {\apj},
   eprint = {astro-ph/0301230},
 keywords = {Cosmology: Observations, Galaxies: Evolution, Galaxies: High-Redshift, Galaxies: Starburst},
     year = 2003,
    month = may,
   volume = 588,
    pages = {65-89},
      doi = {10.1086/373922},
   adsurl = {http://adsabs.harvard.edu/abs/2003ApJ...588...65S},
  adsnote = {Provided by the SAO/NASA Astrophysics Data System}
}



@ARTICLE{Song2014,
   author = {{Song}, M. and {Finkelstein}, S.~L. and {Gebhardt}, K. and {Hill}, G.~J. and 
	{Drory}, N. and {Ashby}, M.~L.~N. and {Blanc}, G.~A. and {Bridge}, J. and 
	{Chonis}, T. and {Ciardullo}, R. and {Fabricius}, M. and {Fazio}, G.~G. and 
	{Gawiser}, E. and {Gronwall}, C. and {Hagen}, A. and {Huang}, J.-S. and 
	{Jogee}, S. and {Livermore}, R. and {Salmon}, B. and {Schneider}, D.~P. and 
	{Willner}, S.~P. and {Zeimann}, G.~R.},
    title = "{The HETDEX Pilot Survey. V. The Physical Origin of Ly{$\alpha$} Emitters Probed by Near-infrared Spectroscopy}",
  journal = {\apj},
archivePrefix = "arXiv",
   eprint = {1406.4503},
 keywords = {galaxies: evolution, galaxies: high-redshift, galaxies: ISM},
     year = 2014,
    month = aug,
   volume = 791,
      eid = {3},
    pages = {3},
      doi = {10.1088/0004-637X/791/1/3},
   adsurl = {http://adsabs.harvard.edu/abs/2014ApJ...791....3S},
  adsnote = {Provided by the SAO/NASA Astrophysics Data System}
}


@BOOK{Spitzer1978,
   author = {{Spitzer}, L.},
    title = "{Physical processes in the interstellar medium}",
 keywords = {Astrophysics, Interstellar Chemistry, Interstellar Matter, Dissociation, Excitation, Gravitational Effects, H Ii Regions, Ionization, Optical Properties, Polarized Electromagnetic Radiation, Radiative Transfer, Shock Waves, Thermodynamic Equilibrium},
booktitle = {New York Wiley-Interscience, 1978.~333 p.},
     year = 1978,
   adsurl = {http://adsabs.harvard.edu/abs/1978ppim.book.....S},
  adsnote = {Provided by the SAO/NASA Astrophysics Data System}
}

@INPROCEEDINGS{Statsmodels2010,
  title={Statsmodels: Econometric and Statistical Modeling with Python},
  author={Seabold, J.S. and Perktold, J.},
  booktitle={Proceedings of the 9th Python in Science Conference},
  url={http://statsmodels.sourceforge.net},
  year={2010}
}

@ARTICLE{Steidel2010,
   author = {{Steidel}, C.~C. and {Erb}, D.~K. and {Shapley}, A.~E. and {Pettini}, M. and 
	{Reddy}, N. and {Bogosavljevi{\'c}}, M. and {Rudie}, G.~C. and 
	{Rakic}, O.},
    title = "{The Structure and Kinematics of the Circumgalactic Medium from Far-ultraviolet Spectra of z \~{}= 2-3 Galaxies}",
  journal = {\apj},
archivePrefix = "arXiv",
   eprint = {1003.0679},
 keywords = {cosmology: observations, galaxies: evolution, galaxies: high-redshift},
     year = 2010,
    month = jul,
   volume = 717,
    pages = {289-322},
      doi = {10.1088/0004-637X/717/1/289},
   adsurl = {http://adsabs.harvard.edu/abs/2010ApJ...717..289S},
  adsnote = {Provided by the SAO/NASA Astrophysics Data System}
}


@ARTICLE{Steidel2011,
   author = {{Steidel}, C.~C. and {Bogosavljevi{\'c}}, M. and {Shapley}, A.~E. and 
	{Kollmeier}, J.~A. and {Reddy}, N.~A. and {Erb}, D.~K. and {Pettini}, M.
	},
    title = "{Diffuse Ly{$\alpha$} Emitting Halos: A Generic Property of High-redshift Star-forming Galaxies}",
  journal = {\apj},
archivePrefix = "arXiv",
   eprint = {1101.2204},
 primaryClass = "astro-ph.CO",
 keywords = {cosmology: observations, galaxies: evolution, galaxies: high-redshift},
     year = 2011,
    month = aug,
   volume = 736,
      eid = {160},
    pages = {160},
      doi = {10.1088/0004-637X/736/2/160},
   adsurl = {http://adsabs.harvard.edu/abs/2011ApJ...736..160S},
  adsnote = {Provided by the SAO/NASA Astrophysics Data System}
}



@ARTICLE{Strickland2009,
   author = {{Strickland}, D.~K. and {Heckman}, T.~M.},
    title = "{Supernova Feedback Efficiency and Mass Loading in the Starburst and Galactic Superwind Exemplar M82}",
  journal = {\apj},
archivePrefix = "arXiv",
   eprint = {0903.4175},
 primaryClass = "astro-ph.CO",
 keywords = {galaxies: halos, galaxies: individual: NGC 3034 (M82), galaxies: starburst, intergalactic medium, ISM: bubbles, X-rays: galaxies},
     year = 2009,
    month = jun,
   volume = 697,
    pages = {2030-2056},
      doi = {10.1088/0004-637X/697/2/2030},
   adsurl = {http://adsabs.harvard.edu/abs/2009ApJ...697.2030S},
  adsnote = {Provided by the SAO/NASA Astrophysics Data System}
}


@ARTICLE{Stritzinger2014,
   author = {{Stritzinger}, M.~D. and {Hsiao}, E. and {Valenti}, S. and {Taddia}, F. and 
	{Rivera-Thorsen}, T.~J. and {Leloudas}, G. and {Maeda}, K. and 
	{Pastorello}, A. and {Phillips}, M.~M. and {Pignata}, G. and 
	{Baron}, E. and {Burns}, C.~R. and {Contreras}, C. and {Folatelli}, G. and 
	{Hamuy}, M. and {H{\"o}flich}, P. and {Morrell}, N. and {Prieto}, J.~L. and 
	{Benetti}, S. and {Campillay}, A. and {Haislip}, J.~B. and {LaClutze}, A.~P. and 
	{Moore}, J.~P. and {Reichart}, D.~E.},
    title = "{Optical and near-IR observations of the faint and fast 2008ha-like supernova 2010ae}",
  journal = {\aap},
archivePrefix = "arXiv",
   eprint = {1311.4525},
 primaryClass = "astro-ph.HE",
 keywords = {supernovae: general, supernovae: individual: SN 2008ha, supernovae: individual: SN 2010ae},
     year = 2014,
    month = jan,
   volume = 561,
      eid = {A146},
    pages = {A146},
      doi = {10.1051/0004-6361/201322889},
   adsurl = {http://adsabs.harvard.edu/abs/2014A%26A...561A.146S},
  adsnote = {Provided by the SAO/NASA Astrophysics Data System}
}


@ARTICLE{TenorioTagle99,
   author = {{Tenorio-Tagle}, G. and {Silich}, S.~A. and {Kunth}, D. and 
	{Terlevich}, E. and {Terlevich}, R.},
    title = "{The evolution of superbubbles and the detection of Ly{$\alpha$} in star-forming galaxies}",
  journal = {\mnras},
   eprint = {astro-ph/9905324},
     year = 1999,
    month = oct,
   volume = 309,
    pages = {332-342},
      doi = {10.1046/j.1365-8711.1999.02809.x},
   adsurl = {http://adsabs.harvard.edu/abs/1999MNRAS.309..332T},
  adsnote = {Provided by the SAO/NASA Astrophysics Data System}
}



@ARTICLE{Verhamme2006,
   author = {{Verhamme}, A. and {Schaerer}, D. and {Maselli}, A.},
    title = "{3D Ly{$\alpha$} radiation transfer. I. Understanding Ly{$\alpha$} line profile morphologies}",
  journal = {\aap},
   eprint = {astro-ph/0608075},
 keywords = {galaxies: starburst, galaxies: ISM, galaxies: high-redshift, utraviolet: galaxies, radiative transfer, line: profiles},
     year = 2006,
    month = dec,
   volume = 460,
    pages = {397-413},
      doi = {10.1051/0004-6361:20065554},
   adsurl = {http://adsabs.harvard.edu/abs/2006A%26A...460..397V},
  adsnote = {Provided by the SAO/NASA Astrophysics Data System}
}


@ARTICLE{Verhamme2008,
   author = {{Verhamme}, A. and {Schaerer}, D. and {Atek}, H. and {Tapken}, C.
	},
    title = "{3D Ly{$\alpha$} radiation transfer. III. Constraints on gas and stellar properties of z \~{} 3 Lyman break galaxies (LBG) and implications for high-z LBGs and Ly{$\alpha$} emitters}",
  journal = {\aap},
archivePrefix = "arXiv",
   eprint = {0805.3601},
 keywords = {line: profiles, radiative transfer, galaxies: starburst, galaxies: ISM, galaxies: high-redshift, ultraviolet: galaxies},
     year = 2008,
    month = nov,
   volume = 491,
    pages = {89-111},
      doi = {10.1051/0004-6361:200809648},
   adsurl = {http://adsabs.harvard.edu/abs/2008A%26A...491...89V},
  adsnote = {Provided by the SAO/NASA Astrophysics Data System}
}


@ARTICLE{Verhamme2014,
   author = {{Verhamme}, A. and {Orlitova}, I. and {Schaerer}, D. and {Hayes}, M.
	},
    title = "{On the use of Lyman-alpha to detect Lyman continuum leaking galaxies}",
  journal = {ArXiv e-prints},
archivePrefix = "arXiv",
   eprint = {1404.2958},
 keywords = {Astrophysics - Astrophysics of Galaxies},
     year = 2014,
    month = apr,
   adsurl = {http://adsabs.harvard.edu/abs/2014arXiv1404.2958V},
  adsnote = {Provided by the SAO/NASA Astrophysics Data System}
}


@ARTICLE{Verhamme2015,
   author = {{Verhamme}, A. and {Orlitov{\'a}}, I. and {Schaerer}, D. and 
	{Hayes}, M.},
    title = "{Using Lyman-{$\alpha$} to detect galaxies that leak Lyman continuum}",
  journal = {\aap},
archivePrefix = "arXiv",
   eprint = {1404.2958},
 keywords = {line: profiles, radiative transfer, galaxies: ISM, ultraviolet: galaxies, galaxies: kinematics and dynamics, galaxies: star clusters: general},
     year = 2015,
    month = jun,
   volume = 578,
      eid = {A7},
    pages = {A7},
      doi = {10.1051/0004-6361/201423978},
   adsurl = {http://adsabs.harvard.edu/abs/2015A%26A...578A...7V},
  adsnote = {Provided by the SAO/NASA Astrophysics Data System}
}


@ARTICLE{Wofford2013,
   author = {{Wofford}, A. and {Leitherer}, C. and {Salzer}, J.},
    title = "{Ly{$\alpha$} Escape from z \~{} 0.03 Star-forming Galaxies: The Dominant Role of Outflows}",
  journal = {\apj},
archivePrefix = "arXiv",
   eprint = {1301.7285},
 primaryClass = "astro-ph.CO",
 keywords = {galaxies: evolution, galaxies: ISM, galaxies: starburst, galaxies: stellar content, ultraviolet: galaxies},
     year = 2013,
    month = mar,
   volume = 765,
      eid = {118},
    pages = {118},
      doi = {10.1088/0004-637X/765/2/118},
   adsurl = {http://adsabs.harvard.edu/abs/2013ApJ...765..118W},
  adsnote = {Provided by the SAO/NASA Astrophysics Data System}
}


@ARTICLE{Xia2012,
   author = {{Xia}, L. and {Malhotra}, S. and {Rhoads}, J. and {Pirzkal}, N. and 
	{Straughn}, A. and {Finkelstein}, S. and {Cohen}, S. and {Kuntschner}, H. and 
	{K{\"u}mmel}, M. and {Walsh}, J. and {Windhorst}, R.~A. and 
	{O'Connell}, R.},
    title = "{Metallicities of Emission-line Galaxies from HST ACS PEARS and HST WFC3 ERS Grism Spectroscopy at 0.6 {\lt} z {\lt} 2.4}",
  journal = {\aj},
archivePrefix = "arXiv",
   eprint = {1205.3172},
 keywords = {galaxies: abundances, galaxies: evolution, galaxies: starburst, galaxies: star formation, galaxies: statistics},
     year = 2012,
    month = jul,
   volume = 144,
      eid = {28},
    pages = {28},
      doi = {10.1088/0004-6256/144/1/28},
   adsurl = {http://adsabs.harvard.edu/abs/2012AJ....144...28X},
  adsnote = {Provided by the SAO/NASA Astrophysics Data System}
}


@ARTICLE{Yang2015,
   author = {{Yang}, H. and {Malhotra}, S. and {Gronke}, M. and {Rhoads}, J.~E. and 
	{Jaskot}, A. and {Zheng}, Z. and {Dijkstra}, M.},
    title = "{Green Pea Galaxies Reveal Secrets of Ly\$$\backslash$alpha\$ Escape}",
  journal = {ArXiv e-prints},
archivePrefix = "arXiv",
   eprint = {1506.02885},
 keywords = {Astrophysics - Astrophysics of Galaxies},
     year = 2015,
    month = jun,
   adsurl = {http://adsabs.harvard.edu/abs/2015arXiv150602885Y},
  adsnote = {Provided by the SAO/NASA Astrophysics Data System}
}
